@article{demailly2006analyse,
  title={ANALYSE NUM{\'E}RIQUE ET {\'E}QUATIONS DIFF{\'E}RENTIELLES},
  author={DEMAILLY, Jean-Pierre},
  year={2006}
}

@book{quarteroni2008methodes,
  title={M{\'e}thodes num{\'e}riques: algorithmes, analyse et applications},
  author={Quarteroni, Alfio Maria and Sacco, Riccardo and Saleri, Fausto},
  year={2008},
  publisher={Springer Science \& Business Media}
}


@article{hakopian1982multivariate,
  title={Multivariate divided differences and multivariate interpolation of Lagrange and Hermite type},
  author={Hakopian, Hakop A},
  journal={Journal of Approximation Theory},
  volume={34},
  number={3},
  pages={286--305},
  year={1982},
  publisher={Elsevier}
}