@book{trefethen,
  title={Approximation theory and approximation practice},
  author={L. N. Trefethen},
  year={2013},
  publisher={Siam}
}

@Book{Hahn,
  author = 	 {W. Hahn},
  title = 	 {Stability of motion},
  publisher = 	 {Springer-Verlag},
  year=          {1967}
  }


@Book{benz,
  author = 	 {S. Benzoni-Gavage},
  title = 	 {Calcul diff\'erentiel et \'equations diff\'erentielles},
  publisher = 	 {Dunod},
  year=          {2014}
  }

@Book{clf2,
  author = 	 {A. Chambert-Loir AND S. Fermigier},
  title = 	 {Exercices de maths pour l'agr\'egation : analyse 2},
  publisher = 	 {Dunod},
  year=          {1999}
  }

@Book{clf3,
  author = 	 {A. Chambert-Loir AND S. Fermigier},
  title = 	 {Exercices de maths pour l'agr\'egation : analyse 3},
  publisher = 	 {Masson},
  year=          {1996}
  }
  
@Book{dieu,
  author = 	 {J. Dieudonn\'e},
  title = 	 {El\'ements d'analyse : 4},
  publisher = 	 {Gauthier-Villars},
  year=          {1971}
  }
  
  
@Book{rdo4,
  author = 	 {C. Deschamps AND E. Ramis AND J. Odoux},
  title = 	 {Cours de math\'ematiques, tome 4 : S\'eries enti\`eres et \'equations diff\'erentielles},
  publisher = 	 {Masson},
  year=          {1977}
  }



@Book{wil,
  author = 	 {M. Willem},
  title = 	 {Analyse harmonique r\'eelle},
  publisher = 	 {Hermann},
  year=          {1997}
  }


@Book{DiMenza,
  author = 	 {L. Di Menza},
  title = 	 {Analyse num\'erique des \'equations aux d\'eriv\'ees partielles},
  publisher = 	 {Cassini},
  year=          {2009}
  }



@Book{FGNAl1,
  author = 	 {H. Francinou AND H. Gianella AND S. Nicolas},
  title = 	 {Oraux X-ENS, Alg\`ebre 1},
  publisher = 	 {Cassini},
  year=          {2007}
  }
  
  
@Book{FGNAl3,
  author = 	 {H. Francinou AND H. Gianella AND S. Nicolas},
  title = 	 {Oraux X-ENS, Alg\`ebre 3},
  publisher = 	 {Cassini},
  year=          {2010}
  }
  
  
@Book{FGNAn4,
  author = 	 {H. Francinou AND H. Gianella AND S. Nicolas},
  title = 	 {Oraux X-ENS, Analyse 4},
  publisher = 	 {Cassini},
  year=          {2012}
  }
  
  
@Book{allaire,
  author = 	 {G. Allaire},
  title = 	 {Analyse num\'erique et optimisation},
  publisher = 	 {\'Editions de l'\'ecole polytechnique},
  year=          {2012}
  }
  
  
@Book{AK,
  author = 	 {G. Allaire AND S. M. Kaber},
  title = 	 {Alg\`ebre lin\'eaire num\'erique},
  publisher = 	 {Ellipses},
  year=          {2002}
  }
  
  
  
@Book{LT1,
  author = 	 {P. Lascaux AND R. Th\'eodor},
  title = 	 {Analyse num\'erique matricielle appliqu\'ee \`a l'art de l'ing\'enieur, Tome 1},
  publisher = 	 {Masson},
  year=          {1994}
  }
  
  
@Book{LT2,
  author = 	 {P. Lascaux AND R. Th\'eodor},
  title = 	 {Analyse num\'erique matricielle appliqu\'ee \`a l'art de l'ing\'enieur, Tome 2},
  publisher = 	 {Masson},
  year=          {1994}
  }



@Book{donato,
  author = 	 {P. Donato},
  title = 	 {Calcul diff\'erentiel pour la licence},
  publisher = 	 {Dunod},
  year=          {2000}
  }


@Book{cartan,
  author = 	 {H. Cartan},
  title = 	 {Cours de calcul diff\'erentiel},
  publisher = 	 {Hermann},
  year=          {1977}
  }


@Book{ciarlet,
  author = 	 {P. Ciarlet},
  title = 	 {Introduction \`a l'analyse num\'erique matricielle et \`a l'optimisation},
  publisher = 	 {Dunod},
  year=          {2006}
  }


@Book{gt,
  author = 	 {S. Gonnord AND N. Tosel},
  title = 	 {Th\`emes d'analyse pour l'agr\' egation : Calcul diff\'erentiel},
  publisher = 	 {Ellipses},
  year=          {1998}
  }


@Book{lafontaine,
  author = 	 {J. Lafontaine},
  title = 	 {Introduction aux vari\' et\' es diff\' erentielles},
  publisher = 	 {EDP Sciences},
  year=          {2010}
  }



@Book{avez,
  author = 	 {A. Avez},
  title = 	 {Calcul diff\' erentiel},
  publisher = 	 {Masson},
  year=          {1997}
  }


@Book{lfa,
  author = 	 {J. Lelong-Ferrand AND J.-M. Arnaudi\`es},
  title = 	 {Cours de math\'ematiques, tome 2 : Analyse},
  publisher = 	 {Dunod},
  year=          {2002}
  }


@Book{eiden,
  author = 	 {J.-D. Eiden},
  title = 	 {Le jardin d'Eiden},
  publisher = 	 {Calvage \& Mounet},
  year=          {2012}
  }


@Book{brezis,
  author = 	 {H. Br\'ezis},
  title = 	 {Analyse fonctionnelle},
  publisher = 	 {Dunod},
  year=          {2005}
  }

@Book{peyre,
  title={L'alg{\`e}bre discr{\`e}te de la transform{\'e}e de Fourier},
  author={Peyr{\'e}, Gabriel},
  year={2004},
  publisher={Ellipses}
}

@Book{beck,
  author = 	 {V. Beck AND J. Malick AND G. Peyr\'e},
  title = 	 {Objectif Agr\'egation},
  publisher = 	 {H-K},
  year=          {2005}
  }

@Book{gourdonan,
  author = 	 {X. Gourdon},
  title = 	 {Les maths en t\^ete, Analyse},
  publisher = 	 {Ellipses},
  year=          {2008}
  }
  
@Book{gourdonal,
  author = 	 {X. Gourdon},
  title = 	 {Les maths en t\^ete, Alg\`ebre},
  publisher = 	 {Ellipses},
  year=          {2009}
  }

  
  
@Book{AK,
  author = 	 {G. Allaire AND S. M. Kaber},
  title = 	 {Alg\`ebre lin\'eaire num\'erique},
  publisher = 	 {Ellipses},
  year=          {2002}
  }
  
  
  
@Book{LT1,
  author = 	 {P. Lascaux AND R. Th\'eodor},
  title = 	 {Analyse num\'erique matricielle appliqu\'ee \`a l'art de l'ing\'enieur, Tome 1},
  publisher = 	 {Masson},
  year=          {1994}
  }
  
  
@Book{LT2,
  author = 	 {P. Lascaux AND R. Th\'eodor},
  title = 	 {Analyse num\'erique matricielle appliqu\'ee \`a l'art de l'ing\'enieur, Tome 2},
  publisher = 	 {Masson},
  year=          {1994}
  } 
  
  
  
@Book{gt_af,
  author = 	 {S. Gonnord AND N. Tosel},
  title = 	 {Th\`emes d'analyse pour l'agr\' egation : Topologie et analyse fonctionnelle},
  publisher = 	 {Ellipses},
  year=          {1996}
  }



@Book{avez,
  author = 	 {A. Avez},
  title = 	 {Calcul diff\' erentiel},
  publisher = 	 {Masson},
  year=          {1997}
  }



@Book{choquet,
  author = 	 {G. Choquet},
  title = 	 {Cours de topologie},
  publisher = 	 {Masson},
  year=          {1992}
  }

@Book{cl,
  author = 	 {A. Chambert-Loir AND S. Fermigier},
  title = 	 {Exercices de maths pour l'agr\'egation},
  publisher = 	 {Masson},
  year=          {1996}
  }
  
  
@Book{cl2,
  author = 	 {A. Chambert-Loir AND S. Fermigier},
  title = 	 {Exercices de maths pour l'agr\'egation, Analyse 2},
  publisher = 	 {Masson},
  year=          {1996}
  }


@Book{pom,
  author = 	 {A. Pommellet},
  title = 	 {Agr\'egation de Math\'ematiques, Cours d'analyse},
  publisher = 	 {Ellipses},
  year=          {1994}
  }


@Book{williams,
  author = 	 {D. Williams},
  title = 	 {Probability with Martingales},
  publisher = 	 {Cambridge University Press},
  year=          {1991}
  }

@Book{faisant,
  author = 	 {A. Faisant},
  title = 	 {TD et TP de topologie g\'en\'rale},
  publisher = 	 {Hermann},
  year=          {1988}
  }

@Book{rudin,
  author = 	 {W. Rudin},
  title = 	 {Analyse r\'eelle et complexe},
  publisher = 	 {Dunod},
  year=          {2009}
  }


@Book{rdo,
  author = 	 {C. Deschamps AND E. Ramis AND J. Odoux},
  title = 	 {Cours de math\'ematiques, tome 5 : Applications de l'analyse \`a la g\'eom\'etrie},
  publisher = 	 {Masson},
  year=          {1992}
  }


@Book{docarmo,
  author = 	 {M. P. DoCarmo},
  title = 	 {Differential Geometry of Curves and Surfaces},
  publisher = 	 {Prentice-Hall},
  year=          {1976}
  }


@Book{hauchecorne,
  author = 	 {B. Hauchecorne},
  title = 	 {Les contre-exemples en math\'ematiques},
  publisher = 	 {Ellipses},
  year=          {2007}
  }

@Book{zq,
  author = 	 {C. Zuily AND H. Queff\'elec},
  title = 	 {Analyse pour l'agr\'egation},
  publisher = 	 {Dunod},
  year=          {2007}
  }

@Book{crouzeixexo,
  author = 	 {M. Crouzeix AND A.-L. Mignot},
  title = 	 {Exercices d'analyse num\'erique des \'equations diff\'erentielles},
  publisher = 	 {Masson},
  year=          {1982}
  }
  
  @Book{crouzeix,
  author = 	 {M. Crouzeix AND A.-L. Mignot},
  title = 	 {Analyse num\'erique des \'equations diff\'erentielles},
  publisher = 	 {Masson},
  year=          {1982}
  }
  

@Book{rouviere,
  author = 	 {F. Rouvi\`ere},
  title = 	 {Petit guide de calcul diff\'erentiel : \`a  l'usage de la licence et de l'agr\'egation},
  publisher = 	 {Cassini},
  year=          {2009}
  }
  
   @Book{stbu,
  author = 	 {J. Stoer AND R. Bulirsch},
  title = 	 {Introduction to Numerical Analysis},
  publisher = 	 {Springer Verlag},
  year=          {1980}
  }
  
  @Book{rombaldi,
  author = 	 {J.-E. Rombaldi},
  title = 	 {Th\`emes pour l'agr\'egation de math\'ematiques},
  publisher = 	 {EDP Sciences},
  year=          {1999}
  }

@Book{hirla,
  author = 	 {F. Hirsch AND G. Lacombe},
  title = 	 {Elements d'analyse fonctionnelle},
  publisher = 	 {Dunod},
  year=          {1999}
  }

@Book{demailly,
  author = 	 {J.-P. Demailly},
  title = 	 {Analyse num\'erique et \'equations diff\'erentielles},
  publisher = 	 {EDP Sciences},
  year=          {2006}
  }

@Book{reinhard,
  author = 	 {H. Reinhard},
  title = 	 {Equations aux d\'eriv\'ees partielles : introduction},
  publisher = 	 {Dunod},
  year=          {1991}
  }

@Book{hw,
  author = 	 {J. Hubbard AND B. West},
  title = 	 {Equations diff\'erentielles et syst\`emes dynamiques},
  publisher = 	 {Cassini},
  year=          {1996}
  }
  
  @Book{perko,
  author = 	 {L. Perko},
  title = 	 {Differential equation and dynamical systems},
  publisher = 	 {Springer Verlag},
  year=          {1991}
  }
  
   @Book{katz,
  author = 	 {Y. Katznelson},
  title = 	 {Introduction to harmonic analysis},
  publisher = 	 {John Wiley and sons},
  year=          {1968}
  }
  
  @Book{euvrard,
  author = 	 {D. Euvrard},
  title = 	 {R\'esolution num\'erique des \'equations aux d\'eriv\'ees partielles de la physique},
  publisher = 	 {Masson},
  year=          {1994}
  }
  
    @Book{folland,
  author = 	 {G. Folland},
  title = 	 {Introduction to partial differential equations},
  publisher = 	 {Princeton University Press},
  year=          {1976}
  }
  

@Book{faisant,
  author = 	 {A. Faisant},
  title = 	 {TD et TP de topologie g\'en\'rale},
  publisher = 	 {Hermann},
  year=          {1988}
  }

@Book{C-H,
  author = 	 {S.N. Chow AND  J.K. Hale},
  title = 	 {Methods of Bifurcation Theory},
  publisher = 	 {Springer, New York},
  year = 	 {1982},
}

@Book{schwartz,
  title={Analyse},
  author={Schwartz, Laurent},
  year={1970},
  publisher={Hermann}
}


@InBook{Dehornoy3,
 author = 	 {P. Dehornoy},
  title = 	 {Logique et th\'eorie des ensembles},
  chapter = 	 {3},
  publisher = 	 {Notes de cours, FIMFA ENS},
  year = 	 {2006-2007, http://www.math.unicaen.fr/ dehornoy/surveys.html},
  OPTkey = 	 {},
  OPTvolume = 	 {},
  OPTnumber = 	 {},
  OPTseries = 	 {},
  OPTtype = 	 {},
  OPTaddress = 	 {},
  OPTedition = 	 {},
  OPTmonth = 	 {},
  OPTpages = 	 {},
  OPTnote = 	 {},
  OPTannote = 	 {}
}

@InBook{Dehornoy4,
 author = 	 {P. Dehornoy},
  title = 	 {Logique et th\'eorie des ensembles},
  chapter = 	 {4},
  publisher = 	 {Notes de cours, FIMFA ENS},
  year = 	 {2006-2007, http://www.math.unicaen.fr/ dehornoy/surveys.html},
  OPTkey = 	 {},
  OPTvolume = 	 {},
  OPTnumber = 	 {},
  OPTseries = 	 {},
  OPTtype = 	 {},
  OPTaddress = 	 {},
  OPTedition = 	 {},
  OPTmonth = 	 {},
  OPTpages = 	 {},
  OPTnote = 	 {},
  OPTannote = 	 {}
}

@Booklet{caruso,

  title = 	 {http://boumbo.toonywood.org/xavier/maths/choix.html},
  key = 	 {Axiome du choix},
  author = 	 {X. Caruso},
  OPThowpublished = {},
  OPTaddress = 	 {},
  OPTmonth = 	 {},
  OPTyear = 	 {},
  OPTnote = 	 {},
  OPTannote = 	 {}
}

